<?xml version="1.0" encoding="UTF-8" ?>
<collection xmlns:xsi="http://www.w3.org/2001/XMLSchema-instance"
    xsi:schemaLocation="http://www.loc.gov/MARC21/slim
        http://www.loc.gov/standards/marcxml/schema/MARC21slim.xsd"
    xmlns="http://www.loc.gov/MARC21/slim">
<record>
  <leader>00257cam a2200493 ia4500</leader>
  <controlfield tag="001">b12785106</controlfield>
  <controlfield tag="003">LeBAU</controlfield>
  <controlfield tag="005">20170320</controlfield>
  <controlfield tag="008">971203m19111912ua       b    ||0 0 ara d</controlfield>
  <datafield tag="035" ind1=" " ind2=" ">
    <subfield code="a">ocn180538388</subfield>
  </datafield>
  <datafield tag="040" ind1=" " ind2=" ">
    <subfield code="a">LEAUB</subfield>
    <subfield code="b">ara</subfield>
    <subfield code="e">rda</subfield>
    <subfield code="c">LEAUB</subfield>
    <subfield code="d">LEAUB</subfield>
  </datafield>
  <datafield tag="082" ind1="0" ind2="4">
    <subfield code="a">297.08</subfield>
    <subfield code="2">20</subfield>
  </datafield>
  <datafield tag="100" ind1="1" ind2=" ">
    <subfield code="6">880-01</subfield>
    <subfield code="a">Ibn al-Daybaʻ, ʻAbd al-Raḥmān ibn ʻAlī,</subfield>
    <subfield code="d">1461-1537,</subfield>
    <subfield code="e">author.</subfield>
  </datafield>
  <datafield tag="245" ind1="1" ind2="0">
    <subfield code="6">880-02</subfield>
    <subfield code="a">Kitāb taysīr al-wuṣūl ilá Jāmi‘ al-uṣūl min ḥadīth al-Rasūl ṣallá Allāh ‘alayhi wa-sallam /</subfield>
    <subfield code="c">lil-‘allāmah al-muḥaddith ‘Abd al-Raḥmān ibn ‘Alī al-ma‘rūf bi-ibn al-Dayba‘ al-Shaybānī al-Zubaydī al-Shāfi‘ī, al-mutawaffá sanat 944 Hijrīyah ; ‘uniya faḍīlat al-ustādh al-Shaykh "Muḥammad Hārūn" wakīl mashyakhat ‘ulamā’ al-Iskandarīyah bi-murāja‘atihā ‘alá nuskhah ukhrá taghlib ‘alayhā al-ṣiḥḥah ma‘a mulāḥaẓat ḍabṭ mā yaḥtāju ilá ḍabṭih min al-kalimāt wa-murāja‘at mā yatayassar murāja‘atihi min uṣūl al-ṣiḥāḥ.</subfield>
  </datafield>
  <datafield tag="246" ind1="3" ind2="0">
    <subfield code="6">880-03</subfield>
    <subfield code="a">Taysīr al-wuṣūl ilá Jāmi‘ al-uṣūl min ḥadīth al-Rasūl ṣallá Allāh ‘alayhi wa-sallam</subfield>
  </datafield>
  <datafield tag="250" ind1=" " ind2=" ">
    <subfield code="6">880-04</subfield>
    <subfield code="a">al-Ṭab‘ah al-ūlá.</subfield>
  </datafield>
  <datafield tag="264" ind1=" " ind2="1">
    <subfield code="6">880-05</subfield>
    <subfield code="a">Miṣr :</subfield>
    <subfield code="b">Maṭba‘at al-Jamālīyah,</subfield>
    <subfield code="c">1330-1331 H., [1911-1912? M.]</subfield>
  </datafield>
  <datafield tag="300" ind1=" " ind2=" ">
    <subfield code="6">880-06</subfield>
    <subfield code="a">2 volumes ;</subfield>
    <subfield code="c">24 cm</subfield>
  </datafield>
  <datafield tag="336" ind1=" " ind2=" ">
    <subfield code="a">text</subfield>
    <subfield code="b">txt</subfield>
    <subfield code="2">rdacontent</subfield>
  </datafield>
  <datafield tag="337" ind1=" " ind2=" ">
    <subfield code="a">unmediated</subfield>
    <subfield code="b">n</subfield>
    <subfield code="2">rdamedia</subfield>
  </datafield>
  <datafield tag="338" ind1=" " ind2=" ">
    <subfield code="a">volume</subfield>
    <subfield code="b">nc</subfield>
    <subfield code="2">rdacarrier</subfield>
  </datafield>
  <datafield tag="500" ind1=" " ind2=" ">
    <subfield code="a">"إختصر فيه جامع الأصول لأحاديث الرسول تأليف المحدث الكبير أبي السعادات إبن الأثير الجزري، المتوفى سنة 606 هجرية. المشتمل على الصحاح الستة: "موطأ مالك، صحيحي البخاري ومسلم، جامع الترمذي، كتابي السنن لأبي داود والنسائي." قال كاتب جلبي في كشف الظنون في ترجمة كتاب جامع الأصول ما معناه: أن لهذا الكتاب مختصرات أحسنها تيسير الوصول"</subfield>
  </datafield>
  <datafield tag="500" ind1=" " ind2=" ">
    <subfield code="a">3 أجزاء ببليوغرافية في 2 جزء مادي.</subfield>
  </datafield>
  <datafield tag="504" ind1=" " ind2=" ">
    <subfield code="a">يتضمن مراجع ببليوغرافية.</subfield>
  </datafield>
  <datafield tag="600" ind1="1" ind2="4">
    <subfield code="a">ابن الاثير، مجد الدين المبارك بن محمد،</subfield>
    <subfield code="d">1149-1209.</subfield>
    <subfield code="t">جامع الأصول لأحاديث الرسول.</subfield>
  </datafield>
  <datafield tag="600" ind1="1" ind2="0">
    <subfield code="a">Ibn al-Athīr, Majd al-Dīn al-Mubārak ibn Muḥammad,</subfield>
    <subfield code="d">1149-1209.</subfield>
    <subfield code="t">Jāmi‘ al-uṣūl li-aḥādīth al-Rasūl.</subfield>
  </datafield>
  <datafield tag="650" ind1=" " ind2="4">
    <subfield code="a">الحديث</subfield>
    <subfield code="x">نصوص</subfield>
    <subfield code="v">اعمال قديمة حتى 1800.</subfield>
  </datafield>
  <datafield tag="650" ind1=" " ind2="0">
    <subfield code="a">Hadith</subfield>
    <subfield code="v">Texts</subfield>
    <subfield code="v">Early works to 1800.</subfield>
  </datafield>
  <datafield tag="700" ind1="1" ind2=" ">
    <subfield code="6">880-07</subfield>
    <subfield code="a">Hārūn, Muḥammad,</subfield>
    <subfield code="e">compiler.</subfield>
  </datafield>
  <datafield tag="775" ind1="0" ind2=" ">
    <subfield code="6">880-08</subfield>
    <subfield code="t">Taysīr al-wuṣūl ilá jāmi‘ al-‘uṣūl min ḥadīth al-Raṣūl</subfield>
    <subfield code="d">Miṣr : al-Maṭba‘ah al-Salafīyah, [1927?]</subfield>
    <subfield code="w">(OCoLC)784210316</subfield>
    <subfield code="w">(OCoLC)784210316</subfield>
  </datafield>
  <datafield tag="852" ind1=" " ind2=" ">
    <subfield code="a">Jafet Archives and Special Collections</subfield>
    <subfield code="e">American University of Beirut, Bliss Street , Beirut, Lebanon.</subfield>
  </datafield>
  <datafield tag="880" ind1="1" ind2=" ">
    <subfield code="6">100-01/(3/r</subfield>
    <subfield code="a">إبن الديبع، عبد الرحمن بن علي،</subfield>
    <subfield code="d">1461-1537،</subfield>
    <subfield code="e">مؤلف. </subfield>
    <subfield code="4">aut.</subfield>
  </datafield>
  <datafield tag="880" ind1="1" ind2="0">
    <subfield code="6">245-02/(3/r</subfield>
    <subfield code="a">كتاب تيسير الوصول الى جامع الأصول من حديث الرسول صلى الله عليه وسلم /</subfield>
    <subfield code="c">للعلامة المحدث عبد الرحمن بن علي المعروف بإبن الديبع الشيباني الزبيدي الشافعي، المتوفى سنة 944 هجرية ؛ عني فضيلة الأستاذ الشيخ "محمد هارون" وكيل مشيخة علماء الإسكندرية بمراجعتها على نسخة أخرى تغلب عليها الصحة مع ملاحظة ضبط ما يحتاج الى ضبطه من الكلمات ومراجعة ما يتيسر مراجعته من أصول الصحاح</subfield>
  </datafield>
  <datafield tag="880" ind1="3" ind2="0">
    <subfield code="6">246-03/(3/r</subfield>
    <subfield code="a">تيسير الوصول الى جامع الأصول من حديث الرسول صلى الله عليه وسلم</subfield>
  </datafield>
  <datafield tag="880" ind1=" " ind2=" ">
    <subfield code="6">250-04/(3/r</subfield>
    <subfield code="a">الطبعة الأولى.</subfield>
  </datafield>
  <datafield tag="880" ind1=" " ind2="1">
    <subfield code="6">264-05/(3/r</subfield>
    <subfield code="a">مصر :</subfield>
    <subfield code="b">مطبعة الجمالية،</subfield>
    <subfield code="c">1330-1331 هـ.، [1911-1912؟ م.]</subfield>
  </datafield>
  <datafield tag="880" ind1=" " ind2=" ">
    <subfield code="6">300-06/(3/r</subfield>
    <subfield code="a">2 جزء ؛</subfield>
    <subfield code="c">24 سم</subfield>
  </datafield>
  <datafield tag="880" ind1="1" ind2=" ">
    <subfield code="6">700-07/(3/r</subfield>
    <subfield code="a">هارون، محمد،</subfield>
    <subfield code="e">معد. </subfield>
    <subfield code="4">com.</subfield>
  </datafield>
  <datafield tag="880" ind1="0" ind2=" ">
    <subfield code="6">775-08/(3/r</subfield>
    <subfield code="t">تيسير الوصول إلى جامع الأصول من حديث الرسول</subfield>
    <subfield code="d">مصر : المطبعة السلفية، [1927؟]</subfield>
    <subfield code="w">b12334728</subfield>
    <subfield code="w">(OCoLC)784210316</subfield>
  </datafield>
  <datafield tag="907" ind1=" " ind2=" ">
    <subfield code="a">.b12785106</subfield>
    <subfield code="b">17-03-21</subfield>
    <subfield code="c">11-05-24</subfield>
  </datafield>
  <datafield tag="907" ind1=" " ind2=" ">
    <subfield code="a">.b12785106</subfield>
    <subfield code="b">15-10-15</subfield>
    <subfield code="c">11-05-24</subfield>
  </datafield>
  <datafield tag="945" ind1=" " ind2=" ">
    <subfield code="f">CA</subfield>
    <subfield code="a">297.08:I132tA:v.1-2:c.1</subfield>
    <subfield code="g">1</subfield>
    <subfield code="i">01070771</subfield>
    <subfield code="j">.i19308401</subfield>
    <subfield code="l">u0304</subfield>
  </datafield>
  <datafield tag="945" ind1=" " ind2=" ">
    <subfield code="f">CA</subfield>
    <subfield code="a">297.08:I132tA:v.3:c.1</subfield>
    <subfield code="g">1</subfield>
    <subfield code="i">01070772</subfield>
    <subfield code="j">.i19308413</subfield>
    <subfield code="l">u0304</subfield>
  </datafield>
  <datafield tag="998" ind1=" " ind2=" ">
    <subfield code="a">u03</subfield>
    <subfield code="b">11-05-24</subfield>
    <subfield code="c">m</subfield>
    <subfield code="d">a</subfield>
    <subfield code="e">-</subfield>
    <subfield code="f">ara</subfield>
    <subfield code="g">ua </subfield>
    <subfield code="h">0</subfield>
    <subfield code="i">0</subfield>
  </datafield>
</record>
</collection>
